<collection xmlns="http://www.loc.gov/MARC21/slim">
<record>
  <leader>01739nam0a2200337 i 450 </leader>
  <controlfield tag="001">IT\ICCU\CNCE\073314</controlfield>
  <controlfield tag="005">20080820000000.0</controlfield>
  <datafield tag="012" ind1=" " ind2=" ">
    <subfield code="a">i-e. uao. isa- Seti (C) 1543 (R)</subfield>
    <subfield code="2">fei</subfield>
  </datafield>
  <datafield tag="100" ind1=" " ind2=" ">
    <subfield code="a">20080820d1543        0itac0103    ba</subfield>
  </datafield>
  <datafield tag="101" ind1=" " ind2=" ">
    <subfield code="a">LAT</subfield>
  </datafield>
  <datafield tag="102" ind1=" " ind2=" ">
    <subfield code="a">IT</subfield>
  </datafield>
  <datafield tag="200" ind1="1" ind2=" ">
    <subfield code="a">℗Franciscus Niger ℗De modo epistolandi: vna cum Libanio eandem materiam tractante nouiter ex graeco in latinum traducto interprete Puntico Uirunio: nouissime recogniti cunctisque mendis expurgati</subfield>
  </datafield>
  <datafield tag="210" ind1=" " ind2=" ">
    <subfield code="a">Venetiis</subfield>
    <subfield code="d">1543</subfield>
    <subfield code="e">Venetiis</subfield>
    <subfield code="g">per Ioannem Patauinum accuratissime impressum</subfield>
    <subfield code="h">1543</subfield>
  </datafield>
  <datafield tag="215" ind1=" " ind2=" ">
    <subfield code="a">\44! c.</subfield>
    <subfield code="d">8ʻ</subfield>
  </datafield>
  <datafield tag="620" ind1=" " ind2=" ">
    <subfield code="a">IT</subfield>
    <subfield code="d">Venezia</subfield>
  </datafield>
  <datafield tag="700" ind1=" " ind2="1">
    <subfield code="a">Negri,</subfield>
    <subfield code="b">Francesco</subfield>
    <subfield code="c"> &lt;ca.1450-1510&gt;</subfield>
    <subfield code="3">IT\ICCU\CNCA\006678</subfield>
  </datafield>
  <datafield tag="702" ind1=" " ind2="0">
    <subfield code="a">Pontico Virunio</subfield>
    <subfield code="3">IT\ICCU\CNCA\009019</subfield>
  </datafield>
  <datafield tag="702" ind1=" " ind2="0">
    <subfield code="a">Libanius</subfield>
    <subfield code="3">IT\ICCU\CNCA\004420</subfield>
  </datafield>
  <datafield tag="712" ind1="0" ind2="0">
    <subfield code="a">Padovano, Giovanni</subfield>
    <subfield code="3">IT\ICCU\CNCT\000032</subfield>
    <subfield code="4">650</subfield>
  </datafield>
  <datafield tag="790" ind1=" " ind2="1">
    <subfield code="a">Niger,</subfield>
    <subfield code="b">Franciscus</subfield>
    <subfield code="c"> &lt;1450?-1510&gt;</subfield>
    <subfield code="3">IT\ICCU\CNCA\017368</subfield>
    <subfield code="z">Negri, Francesco &lt;ca.1450-1510&gt;</subfield>
  </datafield>
  <datafield tag="790" ind1=" " ind2="1">
    <subfield code="a">Negro,</subfield>
    <subfield code="b">Pescennio Francesco</subfield>
    <subfield code="3">IT\ICCU\CNCA\018136</subfield>
    <subfield code="z">Negri, Francesco &lt;ca.1450-1510&gt;</subfield>
  </datafield>
  <datafield tag="790" ind1=" " ind2="1">
    <subfield code="a">Ponticus Virunius,</subfield>
    <subfield code="b">Ludovicus</subfield>
    <subfield code="3">IT\ICCU\CNCA\014924</subfield>
    <subfield code="z">Pontico Virunio</subfield>
  </datafield>
  <datafield tag="790" ind1=" " ind2="0">
    <subfield code="a">Virunio Pontico</subfield>
    <subfield code="3">IT\ICCU\CNCA\015111</subfield>
    <subfield code="z">Pontico Virunio</subfield>
  </datafield>
  <datafield tag="790" ind1=" " ind2="1">
    <subfield code="a">Da_Ponte,</subfield>
    <subfield code="b">Ludovico</subfield>
    <subfield code="3">IT\ICCU\CNCA\015265</subfield>
    <subfield code="z">Pontico Virunio</subfield>
  </datafield>
  <datafield tag="790" ind1=" " ind2="1">
    <subfield code="a">Pontico Virunio,</subfield>
    <subfield code="b">Ludovico</subfield>
    <subfield code="3">IT\ICCU\CNCA\028734</subfield>
    <subfield code="z">Pontico Virunio</subfield>
  </datafield>
  <datafield tag="791" ind1="0" ind2="0">
    <subfield code="a">Patavinus, Ioannes</subfield>
    <subfield code="3">IT\ICCU\CNCT\002269</subfield>
    <subfield code="z">Padovano, Giovanni</subfield>
  </datafield>
  <datafield tag="791" ind1="0" ind2="0">
    <subfield code="a">Paduano, Giovanni</subfield>
    <subfield code="3">IT\ICCU\CNCT\005239</subfield>
    <subfield code="z">Padovano, Giovanni</subfield>
  </datafield>
  <datafield tag="791" ind1="0" ind2="0">
    <subfield code="a">Padoanno, Giovanni</subfield>
    <subfield code="3">IT\ICCU\CNCT\005241</subfield>
    <subfield code="z">Padovano, Giovanni</subfield>
  </datafield>
  <datafield tag="791" ind1="0" ind2="0">
    <subfield code="a">Padoano, Gioanni</subfield>
    <subfield code="3">IT\ICCU\CNCT\005243</subfield>
    <subfield code="z">Padovano, Giovanni</subfield>
  </datafield>
  <datafield tag="801" ind1=" " ind2="3">
    <subfield code="a">IT</subfield>
    <subfield code="b">ICCU</subfield>
    <subfield code="c">20201115</subfield>
  </datafield>
  <datafield tag="899" ind1=" " ind2=" ">
    <subfield code="a">Biblioteca universitaria. Pisa</subfield>
    <subfield code="1">PI0112</subfield>
    <subfield code="2">PIS R1</subfield>
  </datafield>
</record>
</collection>
